<?xml version="1.0" encoding="UTF-8"?><record xmlns="http://www.loc.gov/MARC21/slim" xmlns:cinclude="http://apache.org/cocoon/include/1.0" xmlns:zs="http://www.loc.gov/zing/srw/">
  <leader>01089cz  a2200169n  4500</leader>
  <controlfield tag="001">n  96040227 </controlfield>
  <controlfield tag="003">DLC</controlfield>
  <controlfield tag="005">20030627114145.0</controlfield>
  <controlfield tag="008">960424n| acannaabn          |n aaa      </controlfield>
  <datafield tag="010" ind1=" " ind2=" ">
    <subfield code="a">n  96040227 </subfield>
    <subfield code="z">n  97109513 </subfield>
  </datafield>
  <datafield tag="035" ind1=" " ind2=" ">
    <subfield code="a">(OCoLC)oca04064560</subfield>
  </datafield>
  <datafield tag="040" ind1=" " ind2=" ">
    <subfield code="a">DLC</subfield>
    <subfield code="c">DLC</subfield>
    <subfield code="d">MoSU</subfield>
    <subfield code="d">DLC</subfield>
  </datafield>
  <datafield tag="100" ind1="1" ind2=" ">
    <subfield code="a">Faber, Roland,</subfield>
    <subfield code="d">1960-</subfield>
  </datafield>
  <datafield tag="670" ind1=" " ind2=" ">
    <subfield code="a">Der Selbsteinsatz Gottes, c1995:</subfield>
    <subfield code="b">t.p. (Roland Faber) p. 4 of cover (b. 1960; postgraduate student, School of Theology, Claremont, Calif.)</subfield>
  </datafield>
  <datafield tag="670" ind1=" " ind2=" ">
    <subfield code="a">Prozesstheologie, c2000:</subfield>
    <subfield code="b">p. 4 of cover (Dr. theol.; currently at Institut für Dogmatische Theologie und Dogmengeschichte in Vienna)</subfield>
  </datafield>
  <datafield tag="670" ind1=" " ind2=" ">
    <subfield code="a">Ob es mir denn entgangen, c1991:</subfield>
    <subfield code="b">t.p. (Roland Faber)</subfield>
  </datafield>
  <datafield tag="670" ind1=" " ind2=" ">
    <subfield code="a">Roland Faber: index/frames Web site, June 27, 2003</subfield>
    <subfield code="b">(Ao. Univ. Prof. Dr. Roland Faber; Katholisch-Theologische Fakultät, Institut für Dogmatische Theologie; 1989: Internationaler Kompositionspreis des trio basso, Köln; 1990: Förderungspreis des Adolf Schärf Fonds für Komposition, Anerkennungspreis des Landes Niederösterreich für Musik; 1991: Staatsstipendium für Komponisten)</subfield>
  </datafield>
</record>